% Encoding: UTF-8

@Article{mell2011nist,
  author    = {Mell, Peter and Grance, Tim and others},
  title     = {The NIST definition of cloud computing},
  year      = {2011},
  publisher = {Computer Security Division, Information Technology Laboratory, National Institute of Standards and Technology Gaithersburg},
}

@Article{he2015state,
  author    = {He, Wu and Xu, Lida},
  title     = {A state-of-the-art survey of cloud manufacturing},
  journal   = {International Journal of Computer Integrated Manufacturing},
  year      = {2015},
  volume    = {28},
  number    = {3},
  pages     = {239--250},
  publisher = {Taylor \& Francis},
}

@Article{li2010cloud,
  author  = {Li, Bo-Hu and Zhang, Lin and Wang, Shi-Long and Tao, Fei and Cao, JW and Jiang, XD and Song, Xiao and Chai, XD},
  title   = {Cloud manufacturing: a new service-oriented networked manufacturing model},
  journal = {Computer integrated manufacturing systems},
  year    = {2010},
  volume  = {16},
  number  = {1},
  pages   = {1--7},
}

@Article{xu2012cloud,
  author    = {Xu, Xun},
  title     = {From cloud computing to cloud manufacturing},
  journal   = {Robotics and computer-integrated manufacturing},
  year      = {2012},
  volume    = {28},
  number    = {1},
  pages     = {75--86},
  publisher = {Pergamon},
}

@Article{brettel2014virtualization,
  author  = {Brettel, Malte and Friederichsen, Niklas and Keller, Michael and Rosenberg, Marius},
  title   = {How virtualization, decentralization and network building change the manufacturing landscape: An Industry 4.0 Perspective},
  journal = {International Journal of Mechanical, Industrial Science and Engineering},
  year    = {2014},
  volume  = {8},
  number  = {1},
  pages   = {37--44},
}

@InProceedings{jazdi2014cyber,
  author       = {Jazdi, Nasser},
  title        = {Cyber physical systems in the context of Industry 4.0},
  booktitle    = {Automation, Quality and Testing, Robotics, 2014 IEEE International Conference on},
  year         = {2014},
  organization = {IEEE},
  pages        = {1--4},
}

@Article{weyer2015towards,
  author    = {Weyer, Stephan and Schmitt, Mathias and Ohmer, Moritz and Gorecky, Dominic},
  title     = {Towards Industry 4.0-Standardization as the crucial challenge for highly modular, multi-vendor production systems},
  journal   = {Ifac-Papersonline},
  year      = {2015},
  volume    = {48},
  number    = {3},
  pages     = {579--584},
  publisher = {Elsevier},
}

@Article{igure2006security,
  author    = {Igure, Vinay M and Laughter, Sean A and Williams, Ronald D},
  title     = {Security issues in SCADA networks},
  journal   = {Computers \& Security},
  year      = {2006},
  volume    = {25},
  number    = {7},
  pages     = {498--506},
  publisher = {Elsevier},
}

@Article{subashini2011survey,
  author    = {Subashini, Subashini and Kavitha, Veeraruna},
  title     = {A survey on security issues in service delivery models of cloud computing},
  journal   = {Journal of network and computer applications},
  year      = {2011},
  volume    = {34},
  number    = {1},
  pages     = {1--11},
  publisher = {Elsevier},
}

@Article{wollschlaeger2017future,
  author    = {Wollschlaeger, Martin and Sauter, Thilo and Jasperneite, Juergen},
  title     = {The future of industrial communication: Automation networks in the era of the internet of things and industry 4.0},
  journal   = {IEEE Industrial Electronics Magazine},
  year      = {2017},
  volume    = {11},
  number    = {1},
  pages     = {17--27},
  publisher = {IEEE},
}

@InCollection{jeschke2017industrial,
  author    = {Jeschke, Sabina and Brecher, Christian and Meisen, Tobias and {\"O}zdemir, Denis and Eschert, Tim},
  title     = {Industrial internet of things and cyber manufacturing systems},
  booktitle = {Industrial Internet of Things},
  year      = {2017},
  publisher = {Springer},
  pages     = {3--19},
}

@Article{atzori2010internet,
  author    = {Atzori, Luigi and Iera, Antonio and Morabito, Giacomo},
  title     = {The internet of things: A survey},
  journal   = {Computer networks},
  year      = {2010},
  volume    = {54},
  number    = {15},
  pages     = {2787--2805},
  publisher = {Elsevier},
}

@Article{sauter2011evolution,
  author    = {Sauter, Thilo and Soucek, Stefan and Kastner, Wolfgang and Dietrich, Dietmar},
  title     = {The evolution of factory and building automation},
  journal   = {IEEE Industrial Electronics Magazine},
  year      = {2011},
  volume    = {5},
  number    = {3},
  pages     = {35--48},
  publisher = {IEEE},
}

@Article{heinrichs2005anywhere,
  author    = {Heinrichs, W},
  title     = {Do it anywhere},
  journal   = {Electronics Systems and Software},
  year      = {2005},
  volume    = {3},
  number    = {4},
  pages     = {30--33},
  publisher = {IET},
}

@InProceedings{venkatesh2005validating,
  author       = {Venkatesh, Sid and Odendahl, David and Xu, X and Michaloski, J and Proctor, F and Kramer, T},
  title        = {Validating portability of STEP-NC tool center programming},
  booktitle    = {ASME 2005 International Design Engineering Technical Conferences and Computers and Information in Engineering Conference},
  year         = {2005},
  organization = {American Society of Mechanical Engineers},
  pages        = {285--290},
}

@Article{manenti2011building,
  author  = {Manenti, P},
  title   = {Building the global cars of the future},
  journal = {Managing Automation},
  year    = {2011},
  volume  = {26},
  number  = {1},
  pages   = {8--14},
}

@Article{tao2010theory,
  author  = {Tao, Fei and Hu, YF and Zhang, Lin},
  title   = {Theory and practice: optimal resource service allocation in manufacturing grid},
  journal = {Beijing: ChinaMachinePress},
  year    = {2010},
}

@InProceedings{niggemann2015data,
  author    = {Niggemann, Oliver and Biswas, Gautam and Kinnebrew, John S and Khorasgani, Hamed and Volgmann, S{\"o}ren and Bunte, Andreas},
  title     = {Data-Driven Monitoring of Cyber-Physical Systems Leveraging on Big Data and the Internet-of-Things for Diagnosis and Control.},
  booktitle = {DX@ Safeprocess},
  year      = {2015},
  pages     = {185--192},
}

@Online{ellwein2016,
  author = {Carsten Ellwein},
  editor = {Institute for Control Engineering of Machine Tools and Manufacturing Units},
  title  = {Rent'n'Produce: Secure Cloud Service for the Commissioning and Control of Production Systems},
  year   = {2016},
  date   = {2016-08-03},
  url    = {http://www.isw.uni-stuttgart.de/forschung/projekte/rent-n-produce/},
}

@Article{tao2011cloud,
  author    = {Tao, Fei and Zhang, Lin and Venkatesh, VC and Luo, Y and Cheng, Ying},
  title     = {Cloud manufacturing: a computing and service-oriented manufacturing model},
  journal   = {Proceedings of the Institution of Mechanical Engineers, Part B: Journal of Engineering Manufacture},
  year      = {2011},
  volume    = {225},
  number    = {10},
  pages     = {1969--1976},
  publisher = {Sage Publications Sage UK: London, England},
}

@InProceedings{xen.17b,
  author       = {Ellwein, Carsten and Riedel, Oliver},
  title        = {Rent'n'Produce: A Social Media Platform for Cloud Manufacturing},
  booktitle    = {Smart Materials and Nanotechnology in Engineering},
  year         = {2017},
  editor       = {Lee, Garry},
  eventtitle   = {4th International Conference on Smart Materials and Nanotechnology in Engineering (SMNE 2017)},
  eventdate    = {October 29-20, 2017},
  venue        = {Sofia, Bulgaria},
  volume       = {Lecture Notes in Earth Sciences},
  series       = {Lecture Notes in Earth Sciences},
  organization = {Information Engineering Research Institute},
  publisher    = {IERI \& PRESS},
  isbn         = {978-1-61275-526-7},
  pages        = {75--81},
  doi          = {10.5729/lnes.2017.7.75},
  added-at     = {2017-12-19T14:48:45.000+0100},
  address      = {Bellflower, USA},
  biburl       = {https://puma.ub.uni-stuttgart.de/bibtex/22ddd7fcba2e42a069e3c60acfb4a7fbf/isw-bibliothek},
  interhash    = {988c224feb4c44e3baaf65a088b74c71},
  intrahash    = {2ddd7fcba2e42a069e3c60acfb4a7fbf},
  keywords     = {isw myown},
  timestamp    = {2017-12-19T14:59:47.000+0100},
}

@Article{shin2007reincarnation,
  author    = {Shin, Seung-Jun and Suh, Suk-Hwan and Stroud, Ian},
  title     = {Reincarnation of G-code based part programs into STEP-NC for turning applications},
  journal   = {Computer-Aided Design},
  year      = {2007},
  volume    = {39},
  number    = {1},
  pages     = {1--16},
  publisher = {Elsevier},
}

@Book{erl2008soa,
  author    = {Erl, Thomas},
  title     = {Soa: principles of service design},
  year      = {2008},
  volume    = {1},
  publisher = {Prentice Hall Upper Saddle River},
}

@Comment{jabref-meta: databaseType:biblatex;}
